<record xmlns="http://www.loc.gov/MARC21/slim" xmlns:xsi="http://www.w3.org/2001/XMLSchema-instance" xsi:schemaLocation="http://www.loc.gov/MARC21/slim http://www.loc.gov/standards/marcxml/schema/MARC21slim.xsd"><leader>00414nz   2200133n  4500</leader><controlfield tag="001">oca02324233 </controlfield><controlfield tag="005">19880824060748.3</controlfield><controlfield tag="008">880721n| acannaab|          |a aaa |||  </controlfield><datafield ind1=" " ind2=" " tag="010"><subfield code="a">n  88092242 </subfield></datafield><datafield ind1=" " ind2=" " tag="040"><subfield code="a">DLC</subfield><subfield code="c">DLC</subfield></datafield><datafield ind1="1" ind2=" " tag="100"><subfield code="a">Scaurus, Marcus Aemilius.</subfield></datafield><datafield ind1="1" ind2=" " tag="400"><subfield code="a">Scaurus, M. Aemilius</subfield><subfield code="q">(Marcus Aemilius)</subfield></datafield><datafield ind1=" " ind2=" " tag="670"><subfield code="a">Cicero, M.T. Pro M. Aemilio Scauro oratio, 1984.</subfield></datafield><datafield ind1=" " ind2=" " tag="670"><subfield code="a">Oxford class. dict.</subfield><subfield code="b">(Scaurus, Marcus Aemilius)</subfield></datafield></record>